
@book{cottrell2009,
	title={Isogeometric analysis: toward integration of CAD and FEA},
	author={Cottrell, J Austin and Hughes, Thomas JR and Bazilevs, Yuri},
	year={2009},
	publisher={John Wiley \& Sons}
}